<?xml version="1.0" encoding="UTF-8"?>
<collection xmlns:xsi="http://www.w3.org/2001/XMLSchema-instance" xsi:schemaLocation="http://www.loc.gov/MARC21/slim http://www.loc.gov/standards/marcxml/schema/MARC21slim.xsd" xmlns="http://www.loc.gov/MARC21/slim">
<record>
  <leader>01144cam a2200313   4500</leader>
  <controlfield tag="001">644304</controlfield>
  <controlfield tag="003">NNC</controlfield>
  <controlfield tag="005">20151221161334.0</controlfield>
  <controlfield tag="008">880426s1952    ua c     b    100 0 arar </controlfield>
  <datafield tag="010" ind1=" " ind2=" ">
    <subfield code="a">   59050949  </subfield>
  </datafield>
  <datafield tag="035" ind1=" " ind2=" ">
    <subfield code="a">(OCoLC)83230727</subfield>
  </datafield>
  <datafield tag="035" ind1=" " ind2=" ">
    <subfield code="a">(OCoLC)ocm83230727</subfield>
  </datafield>
  <datafield tag="035" ind1=" " ind2=" ">
    <subfield code="a">(CStRLIN)NYCG88-B29983</subfield>
  </datafield>
  <datafield tag="035" ind1=" " ind2=" ">
    <subfield code="9">ACV1193CU</subfield>
  </datafield>
  <datafield tag="035" ind1=" " ind2=" ">
    <subfield code="a">(NNC)644304</subfield>
  </datafield>
  <datafield tag="040" ind1=" " ind2=" ">
    <subfield code="c">NNC</subfield>
    <subfield code="d">NNC</subfield>
  </datafield>
  <datafield tag="041" ind1="0" ind2=" ">
    <subfield code="a">araengfre</subfield>
  </datafield>
  <datafield tag="050" ind1="0" ind2=" ">
    <subfield code="a">B751.Z7</subfield>
    <subfield code="b">L38</subfield>
  </datafield>
  <datafield tag="090" ind1=" " ind2=" ">
    <subfield code="a">B751.Z7</subfield>
    <subfield code="b">L38</subfield>
  </datafield>
  <datafield tag="110" ind1="2" ind2=" ">
    <subfield code="a">League of Arab States.</subfield>
    <subfield code="b">Idārah al-Thaqāfīyah.</subfield>
  </datafield>
  <datafield tag="245" ind1="1" ind2="3">
    <subfield code="a">al-Kitāb al-dhahabī lil-mahrajān al-alfī li-dhikrá Ibn Sīnā, Baghdād, min 20 ilá 28 Mārs 1952.</subfield>
  </datafield>
  <datafield tag="260" ind1=" " ind2=" ">
    <subfield code="a">al-Qāhirah :</subfield>
    <subfield code="b">Maṭbaʻat Miṣr,</subfield>
    <subfield code="c">1952</subfield>
  </datafield>
  <datafield tag="300" ind1=" " ind2=" ">
    <subfield code="a">6, 463 p.; vi, 69 p.</subfield>
    <subfield code="b">ports.</subfield>
    <subfield code="c">25 cm.</subfield>
  </datafield>
  <datafield tag="500" ind1=" " ind2=" ">
    <subfield code="a">At head of title: Jāmiʻat al-Duwal al-ʻArabīyah.  al-Idārah al-Thaqāfīyah.</subfield>
  </datafield>
  <datafield tag="500" ind1=" " ind2=" ">
    <subfield code="a">Added t. p.: Millénaire d'Avicenne: congrès de Bagdad, 20-28 mars 1952.</subfield>
  </datafield>
  <datafield tag="500" ind1=" " ind2=" ">
    <subfield code="a">Contributions in Arabic, French, or English.</subfield>
  </datafield>
  <datafield tag="504" ind1=" " ind2=" ">
    <subfield code="a">Includes bibliographical references.</subfield>
  </datafield>
  <datafield tag="600" ind1="0" ind2="0">
    <subfield code="a">Avicenna,</subfield>
    <subfield code="d">980-1037.</subfield>
  </datafield>
  <datafield tag="740" ind1="0" ind2=" ">
    <subfield code="a">Millénaire d'Avicenne.</subfield>
  </datafield>
  <datafield tag="955" ind1=" " ind2=" ">
    <subfield code="b">0020850271</subfield>
    <subfield code="d">glx</subfield>
    <subfield code="e">B751.Z7 L38</subfield>
  </datafield>
</record>
</collection>